@misc{simulation_paper,
Author = {Justin C. Eiland and Travis C. Salzillo and Brett H. Hokr and Justin L. Highland and Bryant M. Wyatt},
Title = {N-Body Simulation of the Formation of the Earth-Moon System from a Single Giant Impact},
Year = {2013},
Eprint = {arXiv:1307.7062},
}

@misc{opengl,
title={The Industry's Foundation for High Performance Graphics},
url={http://www.opengl.org/},
year = {2017},
journal={OpenGL News},
author={Khronos},
}

@misc{cuda,
Author = {Nvidia},
Title = {CUDA-Zone},
url= {https://developer.nvidia.com/cuda-zone},
urldate = {28-11-2017},
year = {2017},
}

@misc{glfw,
title={GLFW - An OpenGL library},
url={http://www.glfw.org/},
year = {2017},
journal={GLFW - An OpenGL library}}

@book{nvidia_gems,
  title={Gpu gems 3},
  author={Nguyen, Hubert},
  year={2007},
  publisher={Addison-Wesley Professional}
}